@article{SA,
  doi = {10.1007/bf02238511},
  url = {https://doi.org/10.1007/bf02238511},
  year = {1996},
  month = sep,
  publisher = {Springer Science and Business Media {LLC}},
  volume = {56},
  number = {3},
  pages = {179--196},
  author = {P. Van{\v{e}}k and J. Mandel and M. Brezina},
  title = {Algebraic multigrid by smoothed aggregation for second and fourth order elliptic problems}
}