@article{Bootland2019,
  doi = {10.1137/17m1153674},
  url = {https://doi.org/10.1137/17m1153674},
  year = {2019},
  month = jan,
  publisher = {Society for Industrial {\&} Applied Mathematics ({SIAM})},
  volume = {41},
  number = {4},
  pages = {B843--B869},
  author = {Niall Bootland and Alistair Bentley and Christopher Kees and Andrew Wathen},
  title = {Preconditioners for Two-Phase Incompressible Navier--Stokes Flow},
  journal = {{SIAM} Journal on Scientific Computing}
}


@book{Elman2014,
	address = {Oxford, United Kingdom},
	edition = {Second edition},
	series = {Numerical mathematics and scientific computation},
	title = {Finite elements and fast iterative solvers: with applications in incompressible fluid dynamics},
	isbn = {9780199678792 9780199678808},
	shorttitle = {Finite elements and fast iterative solvers},
	publisher = {Oxford University Press},
	author = {Elman, Howard C. and Silvester, David J. and Wathen, Andrew J.},
	year = {2014},
	keywords = {Computational fluid dynamics, Differential equations, Partial, Finite element method},
}


@misc{PETSc,
  author = {Jan Blechta and Martin \v{R}eho\v{r}},
  title = {Mathematical background {to the Navier-Stokes PCD Preconditioner}},
  year = {2019},
  howpublished = {\url{https://fenapack.readthedocs.io/en/2019.1.0/math.html#math-background}},
  note = {Accessed: 2021-6-17}
}


@misc{OlSc2018,
      author = {Olson, L. N. and Schroder, J. B.},
      title = {PyAMG: Algebraic Multigrid Solvers in Python v4.0},
      year = {2018},
      howpublished = {\url{https://github.com/pyamg/pyamg}},
      note = {Release 4.0}
      }

@article{Firedrake,
  author    = {Florian Rathgeber and
               David A. Ham and
               Lawrence Mitchell and
               Michael Lange and
               Fabio Luporini and
               Andrew T. T. McRae and
               Gheorghe{-}Teodor Bercea and
               Graham R. Markall and
               Paul H. J. Kelly},
  title     = {Firedrake: automating the finite element method by composing abstractions},
  journal   = {CoRR},
  volume    = {abs/1501.01809},
  year      = {2015},
  url       = {http://arxiv.org/abs/1501.01809},
  archivePrefix = {arXiv},
  eprint    = {1501.01809},
  timestamp = {Thu, 28 Mar 2019 14:55:35 +0100},
  biburl    = {https://dblp.org/rec/journals/corr/RathgeberHMLLMBMK15.bib},
  bibsource = {dblp computer science bibliography, https://dblp.org}
}

@misc{luz2020learning,
      title={Learning Algebraic Multigrid Using Graph Neural Networks},
      author={Ilay Luz and Meirav Galun and Haggai Maron and Ronen Basri and Irad Yavneh},
      year={2020},
      eprint={2003.05744},
      archivePrefix={arXiv},
      primaryClass={cs.LG}
}

@misc{wang2019backpropagationfriendly,
      title={Backpropagation-Friendly Eigendecomposition},
      author={Wei Wang and Zheng Dang and Yinlin Hu and Pascal Fua and Mathieu Salzmann},
      year={2019},
      eprint={1906.09023},
      archivePrefix={arXiv},
      primaryClass={cs.LG}
}

@misc{gad2021pygad,
      title={PyGAD: An Intuitive Genetic Algorithm Python Library},
      author={Ahmed Fawzy Gad},
      year={2021},
      eprint={2106.06158},
      archivePrefix={arXiv},
      primaryClass={cs.NE}
}

@article{SA,
  doi = {10.1007/bf02238511},
  url = {https://doi.org/10.1007/bf02238511},
  year = {1996},
  month = sep,
  publisher = {Springer Science and Business Media {LLC}},
  volume = {56},
  number = {3},
  pages = {179--196},
  author = {P. Van{\v{e}}k and J. Mandel and M. Brezina},
  title = {Algebraic multigrid by smoothed aggregation for second and fourth order elliptic problems}
}

@article{GA_CNN,
  author    = {Parsa Esfahanian and
               Mohammad Akhavan},
  title     = {{GACNN:} Training Deep Convolutional Neural Networks with Genetic
               Algorithm},
  journal   = {CoRR},
  volume    = {abs/1909.13354},
  year      = {2019},
  url       = {http://arxiv.org/abs/1909.13354},
  eprinttype = {arXiv},
  eprint    = {1909.13354},
  timestamp = {Wed, 02 Oct 2019 13:04:08 +0200},
  biburl    = {https://dblp.org/rec/journals/corr/abs-1909-13354.bib},
  bibsource = {dblp computer science bibliography, https://dblp.org}
}

@software{gmsh,
  author = {{Geuzaine, Christophe and Remacle, Jean-Francois}},
  title = {Gmsh},
  url = {http://http://gmsh.info/},
  version = {4.6.0},
  date = {2020-06-22},
}

@book{Mitchell1998-sp,
  title     = "An introduction to genetic algorithms",
  author    = "Mitchell, Melanie",
  publisher = "Bradford Books",
  series    = "Complex Adaptive Systems",
  month     =  mar,
  year      =  1998,
  address   = "Cambridge, MA",
  language  = "en"
}

@phdthesis{bell_2008,
title={Algebraic Multigrid for Discrete Differential Forms},
author={Bell, Nathan},
year={2008},
month=aug,
school="University of Illinois Urbana-Champaign"
}

@article{Olson2009,
  doi = {10.1002/nla.669},
  url = {https://doi.org/10.1002/nla.669},
  year = {2009},
  month = nov,
  publisher = {Wiley},
  volume = {17},
  number = {4},
  pages = {713--733},
  author = {Luke N. Olson and Jacob Schroder and Raymond S. Tuminaro},
  title = {A new perspective on strength measures in algebraic multigrid},
  journal = {Numerical Linear Algebra with Applications}
}

 @misc{minecraft, title={Minecraft}, url={https://www.minecraft.net/en-us}, journal={Minecraft.net}, publisher={Mojang}, year={2022}, month={Apr}}